@MISC{knapp,
	title={{The Knapsack Problem}},
	howpublished = "\url{https://en.wikipedia.org/wiki/Knapsack_problem}"
}


@MISC{pushback,
	title={{push\_back}},
	howpublished = "\url{http://www.cplusplus.com/reference/vector/vector/push_back/}"
}

@MISC{parser,
	title={{Python Email Parser Documentation}},
	howpublished = "\url{https://docs.python.org/3/library/email.parser.html}"
}

@MISC{gridsearch,
	title={{Sklearn GridSearch Documentation}},
	howpublished = "\url{http://scikit-learn.org/stable/modules/generated/sklearn.grid_search.GridSearchCV.html#sklearn.grid_search.GridSearchCV}"
}

@MISC{multiproblem,
	title={{Multinomial Naive Bayes}},
	howpublished = "\url{https://en.wikipedia.org/wiki/Naive_Bayes_classifier#Multinomial_naive_Bayes}"
}